<?xml version="1.0" encoding="UTF-8"?><record xmlns="http://www.loc.gov/MARC21/slim" xmlns:cinclude="http://apache.org/cocoon/include/1.0" xmlns:zs="http://www.loc.gov/zing/srw/">
  <leader>00554nz  a2200145n  4500</leader>
  <controlfield tag="001">n  87141615 </controlfield>
  <controlfield tag="003">DLC</controlfield>
  <controlfield tag="005">19871106141429.7</controlfield>
  <controlfield tag="008">871105n| acannaab|          |a aaa |||  </controlfield>
  <datafield tag="010" ind1=" " ind2=" ">
    <subfield code="a">n  87141615 </subfield>
  </datafield>
  <datafield tag="040" ind1=" " ind2=" ">
    <subfield code="a">DLC</subfield>
    <subfield code="c">DLC</subfield>
    <subfield code="d">DLC</subfield>
  </datafield>
  <datafield tag="100" ind1="1" ind2="0">
    <subfield code="a">Bach, Johann Sebastian,</subfield>
    <subfield code="d">1685-1750.</subfield>
    <subfield code="t">Vereinigte Zwietracht der wechselnden Saiten.</subfield>
    <subfield code="p">Marcia</subfield>
  </datafield>
  <datafield tag="400" ind1="1" ind2="0">
    <subfield code="a">Bach, Johann Sebastian,</subfield>
    <subfield code="d">1685-1750.</subfield>
    <subfield code="t">Marches,</subfield>
    <subfield code="m">orchestra,</subfield>
    <subfield code="n">BWV 207, no. 1,</subfield>
    <subfield code="r">D major</subfield>
  </datafield>
  <datafield tag="670" ind1=" " ind2=" ">
    <subfield code="a">His March, c1986.</subfield>
  </datafield>
  <datafield tag="670" ind1=" " ind2=" ">
    <subfield code="a">Schmieder</subfield>
    <subfield code="b">(207, Vereinigte Zwietracht der wechselnden Saiten. 1, Marcia; for orchestra)</subfield>
  </datafield>
</record>